@Article{AlvaManchego2020,
  author        = {Alva-Manchego, Fernando and Scarton, Carolina and Specia, Lucia},
  title         = {Data-Driven Sentence Simplification: Survey and Benchmark},
  journal       = {Computational Linguistics},
  year          = {2020},
  volume        = {46},
  number        = {1},
  pages         = {135--187},
  month         = {November},
  url           = {https://doi.org/10.1162/coli_a_00370},
  doi           = {10.1162/coli_a_00370}
}

@InProceedings{Aumiller2022,
  author        = {Aumiller, Dennis and Gertz, Michael},
  title         = {Klexikon: {{A German Dataset}} for {{Joint Summarization}} and
                  {{Simplification}}},
  booktitle     = {Proceedings of the {{Thirteenth Language Resources}} and {{Evaluation
                  Conference}}},
  year          = {2022},
  pages         = {2693--2701},
  address       = {{Marseille, France}},
  month         = jun,
  publisher     = {{European Language Resources Association}}
}

@Book{Goldberg2017,
  author        = {Goldberg, Yoav},
  title         = {Neural Network Methods for Natural Language Processing},
  publisher     = {{Morgan \& Claypool Publishers}},
  year          = {2017},
  series        = {Synthesis Lectures on Human Language Technologies},
  address       = {{San Rafael, Calif.}},
  number        = {37},
  doi           = {10.2200/S00762ED1V01Y201703HLT037},
  isbn          = {978-1-62705-298-6 978-1-68173-235-0}
}

@InProceedings{Houlsby2019,
  author        = {Houlsby, Neil and Giurgiu, Andrei and Jastrzebski, Stanislaw and Morrone, Bruna
                  and {de Laroussilhe}, Quentin and Gesmundo, Andrea and Attariyan, Mona and Gelly,
                  Sylvain},
  title         = {Parameter-{{Efficient Transfer Learning}} for {{NLP}}},
  booktitle     = {International {{Conference}} on {{Machine Learning}}},
  year          = {2019},
  series        = {Proceedings of Machine Learning Research},
  volume        = {97},
  pages         = {2790--2799},
  month         = jun,
  publisher     = {PMLR}
}

@Misc{Huggingface2023,
  author        = {Huggingface},
  title         = {Huggingface - The AI community building the future},
  howpublished  = {\url{https://huggingface.co/}},
  year          = {2023},
  month         = {01},
  note          = {Accessed: 2023-01-22},
  lastaccessed  = {2023-01-22}
}

@InProceedings{Jiang2020,
  author        = {Jiang, Chao and Maddela, Mounica and Lan, Wuwei and Zhong, Yang and Xu, Wei},
  title         = {Neural {{CRF Model}} for {{Sentence Alignment}} in {{Text Simplification}}},
  booktitle     = {Proceedings of the 58th {{Annual Meeting}} of the {{Association}} for
                  {{Computational Linguistics}}},
  year          = {2020},
  pages         = {7943--7960},
  address       = {Online},
  publisher     = {Association for Computational Linguistics},
  doi           = {10.18653/v1/2020.acl-main.709}
}

@Misc{Jurafsky2023,
  author        = {Jurafsky, Daniel and Martin, James H.},
  title         = {Speech and {{Language Processing}} (3rd Ed. Draft)},
  howpublished  = {\url{https://web.stanford.edu/~jurafsky/slp3/}},
  year          = {2023},
  month         = {01},
  note          = {Accessed: 2023-01-22},
  lastaccessed  = {2023-01-22}
}

@InProceedings{Pfeiffer2020,
  author        = {Pfeiffer, Jonas and R{\"u}ckl{\'e}, Andreas and Poth, Clifton and Kamath,
                  Aishwarya and Vuli{\'c}, Ivan and Ruder, Sebastian and Cho, Kyunghyun and
                  Gurevych, Iryna},
  title         = {{{AdapterHub}}: {{A Framework}} for {{Adapting Transformers}}},
  booktitle     = {Proceedings of the 2020 {{Conference}} on {{Empirical Methods}} in {{Natural
                  Language Processing}}: {{System Demonstrations}}},
  year          = {2020},
  pages         = {46--54},
  address       = {{Online}},
  month         = oct,
  publisher     = {{Association for Computational Linguistics}},
  doi           = {10.18653/v1/2020.emnlp-demos.7}
}

@Misc{Pfeiffer2023,
  author        = {Jonas Pfeiffer and Andreas R\"uckl\'{e} and Clifton Poth and Aishwarya Kamath and
                  Ivan Vuli\'{c} and Sebastian Ruder and Kyunghyun Cho and Iryna Gurevych},
  title         = {AdapterHub: A Framework for Adapting Transformers},
  howpublished  = {\url{https://adapterhub.ml/}},
  year          = {2023},
  month         = {01},
  note          = {Accessed: 2023-01-22},
  lastaccessed  = {2023-01-22}
}

@InProceedings{Saeuberli2020,
  author        = {S{\"a}uberli, Andreas and Ebling, Sarah and Volk, Martin},
  title         = {Benchmarking {{Data-driven Automatic Text Simplification}} for {{German}}},
  booktitle     = {Proceedings of the 1st {{Workshop}} on {{Tools}} and {{Resources}} to {{Empower
                  People}} with {{REAding DIfficulties}} ({{READI}})},
  year          = {2020},
  pages         = {41--48},
  address       = {Marseille, France},
  publisher     = {{European Language Resources Association}}
}
